bibliografy-style = {natbib}

@online{raspberry,
    titel={Raspberry Pi},
    author={Raspberry},
    year={2009},
    howpublished={{Disponível em: }\url{https://www.raspberrypi.com/documentation/}},
    note={Acessado em 14/10/2023}
},

@online{raspberryImagem,
    titel={Raspberry Pi},
    author={Aliexpress},
    year={2023},
    howpublished={{Disponível em: }\url{https://pt.aliexpress.com/item/1005002668353357.html?src=google&aff_fcid=afce76ad66ff4c0594b056b34ba82aeb-1698018558987-04566-UneMJZVf&aff_fsk=UneMJZVf&aff_platform=aaf&sk=UneMJZVf&aff_trace_key=afce76ad66ff4c0594b056b34ba82aeb-1698018558987-04566-UneMJZVf&terminal_id=1a065950057c4070b85803bfcb177dbb&afSmartRedirect=y}},
    note={Acessado em 14/10/2023}
},

@online{sensor,
  titlel = {HC-SR04: Sensor Ultrassônico},
  author = {Allan Mota},
  year = {2017},
  howpublished = {{Disponível em: }\url{https://portal.vidadesilicio.com.br/hc-sr04-sensor-ultrassonico/}},
  note = {Acessado em 13/10/2023},
},

@online{sensorImagem,
  titlel = {HC-SR04: Sensor Ultrassônico},
  author = {Amazon},
  year = {2023},
  howpublished = {{Disponível em: }\url{https://www.amazon.com.br/Modulo-Distancia-Ultrass%C3%B3nico-Chipsce-Hc-Sr04/dp/B08L7RLY5T/ref=asc_df_B08L7RLY5T/?tag=googleshopp00-20&linkCode=df0&hvadid=379728501964&hvpos=&hvnetw=g&hvrand=15371151914550493198&hvpone=&hvptwo=&hvqmt=&hvdev=c&hvdvcmdl=&hvlocint=&hvlocphy=1031701&hvtargid=pla-1456012384466&psc=1}},
  note = {Acessado em 13/10/2023},
},

@online{servomotor,
  titlel = {Servo Motor},
  author = {Flávio Babos},
  howpublished = {{Disponível em: }\url{https://flaviobabos.com.br/servo-motor-arduino/}},
  note = {Acessado em 13/10/2023},
},

@online{servomotorImagem,
  titlel = {Servo Motor},
  author = {Mercadolivre},
  year = {2023},
  howpublished = {{Disponível em: }\url{https://produto.mercadolivre.com.br/MLB-1756049778-servo-motore-mg996r-metal-gear-tower-pro-13kgs-p-ardu-mg996-_JM?matt_tool=51127744&matt_word=&matt_source=google&matt_campaign_id=14300471995&matt_ad_group_id=127503848555&matt_match_type=&matt_network=g&matt_device=c&matt_creative=542969656014&matt_keyword=&matt_ad_position=&matt_ad_type=pla&matt_merchant_id=646268484&matt_product_id=MLB1756049778&matt_product_partition_id=1801247246385&matt_target_id=aud-1966981570049:pla-1801247246385&gclid=CjwKCAjwkNOpBhBEEiwAb3MvvUBC_G4gULS6EpxOf-OgyNcBnfRV8nocy-BR-pTyTOLr3aQ65_z0aBoCE3YQAvD_BwE}},
  note = {Acessado em 13/10/2023},
},

@online{ia,
  titlel = {Inteligência Artificial},
  author = {IBM},
  year = {1950},
  howpublished = {{Disponível em: }\url{https://www.ibm.com/cloud/learn/what-is-artificial-intelligence}},
  note = {Acessado em 13/10/2023},
},

@online{iot,
  titlel = {Inteligência das Coisas},
  author = {TechTarget},
  year = {2023},
  howpublished = {{Disponível em: }\url{https://www.techtarget.com/iotagenda/definition/Internet-of-Things-IoT/}},
  note = {Acessado em 13/10/2023},
},

@online{valvula,
  titlel = {Vávulas Selenóide},
  author = {ELETRIC ,EMERSON},
  year = {2011},
  howpublished = {{Disponível em: }\url{https://www.emerson.com/documents/automation/manual-instala%E7%E3o-de-v%E1lvulas-solen%F3ide-pt-br-5298860.pdf}},
  note = {Acessado em 13/10/2023},
},

@online{valvulaImagem,
  titlel = {Vávulas Solenóide},
  author = {Amazon},
  year = {2023},
  howpublished = {{Disponível em: }\url{https://www.amazon.com.br/V%C3%A1lvula-Solenoide-Irriga%C3%A7%C3%A3o-Agua-Quente/dp/B0B5FHTNXF/ref=asc_df_B0B5FHTNXF/?tag=googleshopp00-20&linkCode=df0&hvadid=647459348616&hvpos=&hvnetw=g&hvrand=12841790100715694205&hvpone=&hvptwo=&hvqmt=&hvdev=c&hvdvcmdl=&hvlocint=&hvlocphy=1031701&hvtargid=pla-2199097960761&psc=1}},
  note = {Acessado em 13/10/2023},
},

@book{lisa,
  titlel = {LISA: Lixeira Inteligente Seletiva Automática},
  author = {Alexandre Magno Silva Nunes},
  year = {2018},
  howpublished = {{Disponível em: }\url{https://repositorio.ufpb.br/jspui/bitstream/123456789/13833/1/AMSN23112018.pdf}},
  note = {Acessado em 13/10/2023},
},

@online{gaia,
  titlel = {Projeto Gaia},
  author = {Riaz Sulaimi},
  year = {2022},
  howpublished = {{Disponível em: }\url{https://medium.com/mlearning-ai/an-automated-smart-trash-detector-and-sorter-recycle-robot-system-using-machine-learning-e92bf3f39054}},
  note = {Acessado em 13/10/2023},
},

@online{smartbin,
  titlel = {SmartBin},
  author = {Rafael Caetano},
  year = {2020},
  howpublished = {{Disponível em: }\url{https://portalsustentabilidade.com/2021/07/13/brasileiro-cria-sistema-de-coleta-de-lixo-reciclavel-inteligente-para-remunerar-cidadaos/
  https://www.uts.edu.au/news/tech-design/hey-smart-bin-meet-year-6}},
  note = {Acessado em 13/10/2023},
},

@online{bomba,
  titlel = {Bombeamento de água},
  author = {UsinaInfo},
  year = {20},
  howpublished = {{Disponível em: }\url{https://www.usinainfo.com.br/bombinha-de-agua-e-ar/mini-bomba-de-agua-para-arduino-12v-rs385-2lmin-2814.html}},
  note = {Acessado em 13/10/2023},
},

@online{bombaImagem,
  titlel = {Bombeamento de água},
  author = {Mercadolivre},
  year = {2023},
  howpublished = {{Disponível em: }\url{https://produto.mercadolivre.com.br/MLB-909220593-mini-bomba-agua-12v-240lh-5w-aquario-irrigaco-fonte-agua-_JM?matt_tool=36571132&matt_word=&matt_source=google&matt_campaign_id=14303413676&matt_ad_group_id=129016981610&matt_match_type=&matt_network=g&matt_device=c&matt_creative=584295662816&matt_keyword=&matt_ad_position=&matt_ad_type=pla&matt_merchant_id=151837084&matt_product_id=MLB909220593&matt_product_partition_id=1818299396280&matt_target_id=aud-1966981570049:pla-1818299396280&gclid=CjwKCAjwkNOpBhBEEiwAb3MvvVvIXcIQXH6wcW0eGrB0En-2bizWHA2T5alpwKZjvquSNI0ZBuB1IxoCju0QAvD_BwE}},
  note = {Acessado em 13/10/2023},
},

@article{John,
    author = {John McCarthy},
    title = {A Proposal for the Dartmouth Summer Research Project on Artificial Intelligence.},
    year = {1955}
}












